<record><leader>00000cas a2200000 a 4500</leader><controlfield tag="001">9925594</controlfield><controlfield tag="008">830920d19761985caudn ne      0   a0eng c</controlfield><datafield ind1=" " ind2=" " tag="010"><subfield code="a">sn 83009970 </subfield></datafield><datafield ind1=" " ind2=" " tag="040"><subfield code="a">NSD</subfield><subfield code="b">eng</subfield><subfield code="c">NSD</subfield><subfield code="d">ONP</subfield><subfield code="d">CNK</subfield><subfield code="d">OCLCQ</subfield><subfield code="d">OCLCF</subfield><subfield code="d">OCLCO</subfield></datafield><datafield ind1=" " ind2=" " tag="012"><subfield code="m">1</subfield></datafield><datafield ind1="1" ind2=" " tag="022"><subfield code="a">0746-3308</subfield><subfield code="l">0746-3308</subfield><subfield code="2">1</subfield></datafield><datafield ind1=" " ind2=" " tag="032"><subfield code="a">079560</subfield><subfield code="b">USPS</subfield></datafield><datafield ind1=" " ind2=" " tag="037"><subfield code="b">Glendale Newspapers, Inc., 220 East Magnolia, Burbank, CA 91503</subfield></datafield><datafield ind1=" " ind2=" " tag="042"><subfield code="a">nsdp</subfield><subfield code="a">pcc</subfield></datafield><datafield ind1=" " ind2="0" tag="222"><subfield code="a">Burbank daily review</subfield></datafield><datafield ind1="0" ind2="0" tag="245"><subfield code="a">Burbank daily review.</subfield></datafield><datafield ind1="1" ind2=" " tag="246"><subfield code="i">Saturday issues published as:</subfield><subfield code="a">Burbank weekend review</subfield><subfield code="f">Nov. 13, 1982-Sept. 3, 1983</subfield></datafield><datafield ind1="1" ind2=" " tag="246"><subfield code="i">Sunday issues published as:</subfield><subfield code="a">Sunday review</subfield><subfield code="f">Sept. 11-18, 1983</subfield></datafield><datafield ind1="1" ind2=" " tag="246"><subfield code="i">Sunday issues published as:</subfield><subfield code="a">Sunday Burbank daily review</subfield><subfield code="f">Sept. 25, 1983-Jan. 27, 1985</subfield></datafield><datafield ind1=" " ind2=" " tag="260"><subfield code="a">Burbank, Calif. :</subfield><subfield code="b">Virgil M. Pinkley,</subfield></datafield><datafield ind1=" " ind2=" " tag="310"><subfield code="a">Daily (except Sat.)</subfield></datafield><datafield ind1="0" ind2=" " tag="362"><subfield code="a">Aug. 11, 1976-v. 80, no. 78 (Mar. 30, 1985).</subfield></datafield><datafield ind1=" " ind2=" " tag="500"><subfield code="a">"Burbank" appears in small print above "Daily Review."</subfield></datafield><datafield ind1=" " ind2=" " tag="515"><subfield code="a">Sept. 17, 1976-   called v. 68, no. 224-</subfield></datafield><datafield ind1=" " ind2=" " tag="515"><subfield code="a">Vol. numbering is irregular.</subfield></datafield><datafield ind1=" " ind2=" " tag="530"><subfield code="a">Master negatives are available for duplication from:</subfield><subfield code="b">California Newspaper Microfilm Archive;</subfield><subfield code="c">positive copies may be purchased by the reel; for further information consult the CNMA at:</subfield><subfield code="u">http://cbsr.ucr.edu</subfield></datafield><datafield ind1=" " ind2="0" tag="651"><subfield code="a">Burbank (Los Angeles County, Calif.)</subfield><subfield code="v">Newspapers.</subfield></datafield><datafield ind1=" " ind2="7" tag="655"><subfield code="a">Newspapers.</subfield><subfield code="2">fast</subfield><subfield code="0">(OCoLC)fst01423814</subfield></datafield><datafield ind1=" " ind2="7" tag="651"><subfield code="a">California</subfield><subfield code="z">Burbank (Los Angeles County)</subfield><subfield code="2">fast</subfield><subfield code="0">(OCoLC)fst01312054</subfield></datafield><datafield ind1=" " ind2=" " tag="752"><subfield code="a">United States</subfield><subfield code="b">California</subfield><subfield code="c">Los Angeles</subfield><subfield code="d">Burbank.</subfield></datafield><datafield ind1="0" ind2="0" tag="780"><subfield code="t">Daily review (Burbank, Calif.)</subfield><subfield code="w">(DLC)sn 98061311</subfield></datafield><datafield ind1="0" ind2="0" tag="785"><subfield code="t">Burbank leader</subfield><subfield code="w">(DLC)sn 98061314</subfield></datafield><datafield ind1=" " ind2=" " tag="936"><subfield code="a">Friday, Sept. 16, 1983</subfield></datafield></record>